<record xmlns="http://www.loc.gov/MARC21/slim" xmlns:xsi="http://www.w3.org/2001/XMLSchema-instance" xsi:schemaLocation="http://www.loc.gov/MARC21/slim http://www.loc.gov/standards/marcxml/schema/MARC21slim.xsd"><leader>02503nam a2200481   4500</leader><controlfield tag="001">001682863</controlfield><controlfield tag="003">NNU</controlfield><controlfield tag="006">m        d        </controlfield><controlfield tag="007">cr cn |||m|||a</controlfield><controlfield tag="008">150110s1968    iq      ob    000 0 ararc</controlfield><datafield ind1=" " ind2=" " tag="040"><subfield code="a">NNU</subfield><subfield code="b">eng</subfield><subfield code="e">rda</subfield><subfield code="c">NNU</subfield></datafield><datafield ind1=" " ind2="4" tag="050"><subfield code="a">PJ7661</subfield><subfield code="b">.H3</subfield></datafield><datafield ind1="1" ind2=" " tag="100"><subfield code="6">880-01</subfield><subfield code="a">H&#803;asan, Muh&#803;ammad &#699;Ali&#772;</subfield><subfield code="q">(Muh&#803;ammad &#699;Ali&#772; Muh&#803;ammad)</subfield></datafield><datafield ind1="1" ind2="0" tag="245"><subfield code="6">880-02</subfield><subfield code="a">Di&#772;wa&#772;n layl al-s&#803;abb :</subfield><subfield code="b">majmu&#772;&#699;at mu&#699;a&#772;rad&#803;at Qas&#803;i&#772;dat Abi&#772; al-H&#803;asan al-H&#803;us&#803;ri&#772; al-Qirwa&#772;ni&#772; /</subfield><subfield code="c">&#699;ani&#772; bi-jam&#699;iha&#772; wa-sharh&#803; mufrada&#772;tiha&#772; Muh&#803;ammad &#699;Ali&#772; H&#803;asan.</subfield></datafield><datafield ind1="3" ind2="0" tag="246"><subfield code="6">880-03</subfield><subfield code="a">Layl al-s&#803;abb</subfield></datafield><datafield ind1=" " ind2=" " tag="250"><subfield code="6">880-04</subfield><subfield code="a">[al-T&#803;ab&#699;ah 1.].</subfield></datafield><datafield ind1=" " ind2=" " tag="260"><subfield code="6">880-05</subfield><subfield code="a">[Bagda&#772;d] :</subfield><subfield code="b">[publisher not identified],</subfield><subfield code="c">[1968]</subfield></datafield><datafield ind1=" " ind2=" " tag="300"><subfield code="a">online resource (166 pages)</subfield></datafield><datafield ind1=" " ind2=" " tag="336"><subfield code="a">text</subfield><subfield code="2">rdacontent</subfield></datafield><datafield ind1=" " ind2=" " tag="337"><subfield code="a">computer</subfield><subfield code="2">rdamedia</subfield></datafield><datafield ind1=" " ind2=" " tag="338"><subfield code="a">online resource</subfield><subfield code="2">rdacarrier</subfield></datafield><datafield ind1="0" ind2=" " tag="490"><subfield code="6">880-06</subfield><subfield code="a">Manshu&#772;ra&#772;t Da&#772;r al-Adi&#772;b ;</subfield><subfield code="v">2</subfield></datafield><datafield ind1=" " ind2=" " tag="500"><subfield code="a">Includes al-H&#803;usri&#772;'s qas&#803;i&#772;dah entitled Ya&#772; layl al-s&#803;abb.</subfield></datafield><datafield ind1=" " ind2=" " tag="500"><subfield code="a">Part of the Arabic Collections Online (ACO) project, contributed by New York Univeristy Libraries.</subfield></datafield><datafield ind1=" " ind2=" " tag="504"><subfield code="a">Includes bibliographical references.</subfield></datafield><datafield ind1=" " ind2=" " tag="533"><subfield code="a">Electronic reproduction.</subfield><subfield code="b">New York, N.Y. :</subfield><subfield code="c">New York University,</subfield><subfield code="d">2015.</subfield><subfield code="5">NNU</subfield></datafield><datafield ind1=" " ind2="0" tag="650"><subfield code="a">Arabic poetry</subfield><subfield code="y">1801-.</subfield></datafield><datafield ind1=" " ind2="7" tag="650"><subfield code="a">Arabic poetry.</subfield><subfield code="2">fast</subfield><subfield code="0">(OCoLC)fst00812533</subfield></datafield><datafield ind1=" " ind2="7" tag="648"><subfield code="a">Since 1801</subfield><subfield code="2">fast</subfield></datafield><datafield ind1="1" ind2="2" tag="700"><subfield code="6">880-07</subfield><subfield code="a">H&#803;us&#803;ri&#772;, &#699;Ali&#772; ibn &#699;Abd al-Ghani&#772;,</subfield><subfield code="d">-1095.</subfield><subfield code="t">Ya&#772; layl al-s&#803;abb.</subfield></datafield><datafield ind1="2" ind2=" " tag="710"><subfield code="a">New York University.</subfield><subfield code="b">Libraries.</subfield></datafield><datafield ind1="0" ind2=" " tag="730"><subfield code="a">Arabic Collections Online.</subfield></datafield><datafield ind1="0" ind2="8" tag="776"><subfield code="i">Print version:</subfield><subfield code="a">H&#803;asan, Muh&#803;ammad &#699;Ali&#772; (Muh&#803;ammad &#699;Ali&#772; Muh&#803;ammad)</subfield><subfield code="t">Di&#772;wa&#772;n layl al-s&#803;abb</subfield><subfield code="w">(NNU)001682863</subfield><subfield code="w">(DLC)ne 68004093</subfield></datafield><datafield ind1="4" ind2="0" tag="856"><subfield code="u">http://hdl.handle.net/2333.1/q83bk5dt</subfield></datafield><datafield ind1="1" ind2=" " tag="880"><subfield code="6">100-01/</subfield><subfield code="a">&#1581;&#1587;&#1606;&#1548; &#1605;&#1581;&#1605;&#1583; &#1593;&#1604;&#1610;</subfield><subfield code="q">(&#1605;&#1581;&#1605;&#1583; &#1593;&#1604;&#1610; &#1605;&#1581;&#1605;&#1583;)</subfield></datafield><datafield ind1="1" ind2="0" tag="880"><subfield code="6">245-02/</subfield><subfield code="a">&#1583;&#1610;&#1608;&#1575;&#1606; &#1604;&#1610;&#1604; &#1575;&#1604;&#1589;&#1576; :</subfield><subfield code="b">&#1605;&#1580;&#1605;&#1608;&#1593;&#1577; &#1605;&#1593;&#1575;&#1585;&#1590;&#1577; &#1602;&#1589;&#1610;&#1583;&#1577; &#1575;&#1576;&#1610; &#1575;&#1604;&#1581;&#1587;&#1606; &#1575;&#1604;&#1581;&#1589;&#1585;&#1610; &#1575;&#1604;&#1602;&#1585;&#1608;&#1575;&#1606;&#1610; /</subfield><subfield code="c">&#1593;&#1606;&#1610; &#1576;&#1580;&#1605;&#1593;&#1607;&#1575; &#1608;&#1588;&#1585;&#1581; &#1605;&#1601;&#1585;&#1583;&#1575;&#1578;&#1607;&#1575; &#1605;&#1581;&#1605;&#1583; &#1593;&#1604;&#1610; &#1581;&#1587;&#1606;.</subfield></datafield><datafield ind1="3" ind2="0" tag="880"><subfield code="6">246-03/</subfield><subfield code="a">&#1604;&#1610;&#1604; &#1575;&#1604;&#1589;&#1576;</subfield></datafield><datafield ind1=" " ind2=" " tag="880"><subfield code="6">250-04/</subfield><subfield code="a">[&#1575;&#1604;&#1591;&#1576;&#1593;&#1577; 1.].</subfield></datafield><datafield ind1=" " ind2=" " tag="880"><subfield code="6">260-05/</subfield><subfield code="a">[&#1576;&#1594;&#1583;&#1575;&#1583;] :</subfield><subfield code="b">[publisher not identified],</subfield><subfield code="c">[1968]</subfield></datafield><datafield ind1="0" ind2=" " tag="880"><subfield code="6">490-06/</subfield><subfield code="a">&#1605;&#1606;&#1588;&#1608;&#1585;&#1575;&#1578; &#1583;&#1575;&#1585; &#1575;&#1604;&#1575;&#1583;&#1610;&#1576; &#1563;</subfield><subfield code="v">2</subfield></datafield><datafield ind1="1" ind2="2" tag="880"><subfield code="6">700-07/</subfield><subfield code="a">&#1581;&#1589;&#1585;&#1610;&#1548; &#1593;&#1604;&#1610; &#1576;&#1606; &#1593;&#1576;&#1583; &#1575;&#1604;&#1594;&#1606;&#1610;&#1548;,</subfield><subfield code="d">-1095.</subfield><subfield code="t">&#1610;&#1575; &#1604;&#1610;&#1604; &#1575;&#1604;&#1589;&#1576;.</subfield></datafield><datafield ind1=" " ind2=" " tag="959"><subfield code="a">NNU</subfield><subfield code="b">WEB</subfield><subfield code="c">GENI</subfield><subfield code="t">0</subfield><subfield code="m">Electronic access</subfield><subfield code="s">01</subfield></datafield><datafield ind1=" " ind2=" " tag="999"><subfield code="i">NNU_001682863</subfield><subfield code="o" /><subfield code="e">(ERROR-SERIES)</subfield></datafield></record>